<record><leader>02577cam a2200505 i 4500</leader><controlfield tag="001">6803620</controlfield><controlfield tag="003">OCoLC</controlfield><controlfield tag="005">20150202113532.0</controlfield><controlfield tag="008">140729s2015    pau      b   s001 0 eng c</controlfield><datafield ind1=" " ind2=" " tag="010"><subfield code="a">  2014029110</subfield></datafield><datafield ind1=" " ind2=" " tag="020"><subfield code="a">9780812246643</subfield><subfield code="q">hardcover</subfield><subfield code="q">alk. paper</subfield></datafield><datafield ind1=" " ind2=" " tag="020"><subfield code="a">0812246640</subfield><subfield code="q">hardcover</subfield><subfield code="q">alk. paper</subfield></datafield><datafield ind1=" " ind2=" " tag="035"><subfield code="a">ocn886672609</subfield></datafield><datafield ind1=" " ind2=" " tag="040"><subfield code="a">PU/DLC</subfield><subfield code="b">eng</subfield><subfield code="c">PAU</subfield><subfield code="d">DLC</subfield><subfield code="d">OCLCO</subfield><subfield code="d">YDXCP</subfield><subfield code="d">OCLCQ</subfield><subfield code="d">IAD</subfield><subfield code="d">OUP</subfield><subfield code="d">IAD</subfield><subfield code="d">UAB</subfield><subfield code="d">AEU</subfield></datafield><datafield ind1=" " ind2=" " tag="042"><subfield code="a">pcc</subfield></datafield><datafield ind1=" " ind2=" " tag="043"><subfield code="a">e-uk---</subfield></datafield><datafield ind1="0" ind2="0" tag="050"><subfield code="a">PR448.R45</subfield><subfield code="b">J34 2015</subfield></datafield><datafield ind1="0" ind2="0" tag="082"><subfield code="a">820.9/382</subfield><subfield code="2">23</subfield></datafield><datafield ind1=" " ind2=" " tag="090"><subfield code="a">PR 448 R45 J34 2015</subfield><subfield code="b">ARDC</subfield></datafield><datafield ind1=" " ind2=" " tag="090"><subfield code="a">PR 448 R45 J34 2015</subfield><subfield code="b">AEU</subfield></datafield><datafield ind1="1" ind2=" " tag="100"><subfield code="a">Jager, Colin,</subfield><subfield code="e">author.</subfield></datafield><datafield ind1="1" ind2="0" tag="245"><subfield code="a">Unquiet things :</subfield><subfield code="b">secularism in the Romantic Age /</subfield><subfield code="c">Colin Jager.</subfield></datafield><datafield ind1=" " ind2="4" tag="264"><subfield code="c">&#169;2015</subfield></datafield><datafield ind1=" " ind2="1" tag="264"><subfield code="a">Philadelphia :</subfield><subfield code="b">University of Pennsylvania Press,</subfield><subfield code="c">[2015]</subfield></datafield><datafield ind1=" " ind2=" " tag="300"><subfield code="a">viii, 332 pages ;</subfield><subfield code="c">24 cm.</subfield></datafield><datafield ind1=" " ind2=" " tag="336"><subfield code="a">text</subfield><subfield code="b">txt</subfield><subfield code="2">rdacontent</subfield></datafield><datafield ind1=" " ind2=" " tag="337"><subfield code="a">unmediated</subfield><subfield code="b">n</subfield><subfield code="2">rdamedia</subfield></datafield><datafield ind1=" " ind2=" " tag="338"><subfield code="a">volume</subfield><subfield code="b">nc</subfield><subfield code="2">rdacarrier</subfield></datafield><datafield ind1="1" ind2=" " tag="490"><subfield code="a">Haney Foundation series</subfield></datafield><datafield ind1=" " ind2=" " tag="504"><subfield code="a">Includes bibliographical references and index.</subfield></datafield><datafield ind1="0" ind2="0" tag="505"><subfield code="g">Part I. Reform.</subfield><subfield code="t">The power of the prince: Henry VIII and Henry VIII --</subfield><subfield code="t">The melancholoy of the secular --</subfield><subfield code="t">Wishing for nothing: Emma and the dissolution.</subfield><subfield code="g">Part II. Sounding the quiet.</subfield><subfield code="t">Coleridge at sea: "Kubla Khan" and the invention of religion --</subfield><subfield code="t">Hippogriffs in the library: realism and opposition from Hume to Scott --</subfield><subfield code="t">The creation of religious minorities: Hogg's Justified Sinner.</subfield><subfield code="g">Part III. After the secular.</subfield><subfield code="t">Byron and the paradox of reading --</subfield><subfield code="t">The constellations of romantic religion --</subfield><subfield code="t">Shelley after atheism</subfield><subfield code="t">Epilogue.</subfield></datafield><datafield ind1=" " ind2=" " tag="596"><subfield code="a">35 43</subfield></datafield><datafield ind1=" " ind2="0" tag="650"><subfield code="a">Religion and literature</subfield><subfield code="z">Great Britain</subfield><subfield code="x">History</subfield><subfield code="y">18th century.</subfield></datafield><datafield ind1=" " ind2="0" tag="650"><subfield code="a">Religion and literature</subfield><subfield code="z">Great Britain</subfield><subfield code="x">History</subfield><subfield code="y">19th century.</subfield></datafield><datafield ind1=" " ind2="0" tag="650"><subfield code="a">English literature</subfield><subfield code="y">18th century</subfield><subfield code="x">History and criticism.</subfield></datafield><datafield ind1=" " ind2="0" tag="650"><subfield code="a">English literature</subfield><subfield code="y">19th century</subfield><subfield code="x">History and criticism.</subfield></datafield><datafield ind1=" " ind2="0" tag="650"><subfield code="a">Theology in literature</subfield><subfield code="x">History</subfield><subfield code="y">18th century.</subfield></datafield><datafield ind1=" " ind2="0" tag="650"><subfield code="a">Theology in literature</subfield><subfield code="x">History</subfield><subfield code="y">19th century.</subfield></datafield><datafield ind1=" " ind2="0" tag="650"><subfield code="a">Secularization (Theology)</subfield><subfield code="x">History</subfield><subfield code="y">18th century.</subfield></datafield><datafield ind1=" " ind2="0" tag="650"><subfield code="a">Secularization (Theology)</subfield><subfield code="x">History</subfield><subfield code="y">19th century.</subfield></datafield><datafield ind1=" " ind2="0" tag="650"><subfield code="a">Romanticism</subfield><subfield code="z">Great Britain.</subfield></datafield><datafield ind1=" " ind2="0" tag="830"><subfield code="a">Haney Foundation series.</subfield></datafield><datafield ind1=" " ind2=" " tag="949"><subfield code="a">PR 448 R45 J34 2015</subfield><subfield code="c">1</subfield><subfield code="h">UAHS-B</subfield><subfield code="i">0162035238458</subfield></datafield><datafield ind1=" " ind2=" " tag="926"><subfield code="a">PR 448 R45 J34 2015</subfield><subfield code="w">LC</subfield><subfield code="c">1</subfield><subfield code="i">0162035238458</subfield><subfield code="d">11/8/2015</subfield><subfield code="e">9/30/2015</subfield><subfield code="l">ON_SHELF</subfield><subfield code="m">UAHSS</subfield><subfield code="n">3</subfield><subfield code="p">$150.00</subfield><subfield code="r">Y</subfield><subfield code="s">Y</subfield><subfield code="t">BOOK</subfield><subfield code="u">2/11/2015</subfield></datafield><datafield ind1=" " ind2=" " tag="926"><subfield code="a">PR 448 R45 J34 2015</subfield><subfield code="w">LC</subfield><subfield code="c">1</subfield><subfield code="i">30125302472047</subfield><subfield code="l">FLOOR_2</subfield><subfield code="m">RED_DEER_C</subfield><subfield code="r">Y</subfield><subfield code="s">Y</subfield><subfield code="t">BOOK</subfield><subfield code="u">3/24/2016</subfield></datafield></record>